<record><leader>00000cas a22000007a 4500</leader><controlfield tag="001">20697216</controlfield><controlfield tag="008">891127d19751980mnuwr ne      0    0eng d</controlfield><datafield ind1=" " ind2=" " tag="010"><subfield code="a">sn 89064576 </subfield></datafield><datafield ind1=" " ind2=" " tag="040"><subfield code="a">MN#</subfield><subfield code="b">eng</subfield><subfield code="c">MN#</subfield><subfield code="d">NSD</subfield><subfield code="d">MN#</subfield><subfield code="d">OCLCQ</subfield><subfield code="d">OCLCF</subfield><subfield code="d">OCLCO</subfield></datafield><datafield ind1=" " ind2=" " tag="042"><subfield code="a">msc</subfield></datafield><datafield ind1=" " ind2=" " tag="043"><subfield code="a">n-us-mn</subfield></datafield><datafield ind1=" " ind2=" " tag="052"><subfield code="a">4144</subfield><subfield code="b">T63</subfield></datafield><datafield ind1=" " ind2=" " tag="052"><subfield code="a">4143</subfield><subfield code="b">M4</subfield></datafield><datafield ind1="0" ind2=" " tag="130"><subfield code="a">Trimont progress (Trimont, Minn. : 1975)</subfield></datafield><datafield ind1="1" ind2="0" tag="245"><subfield code="a">Trimont progress.</subfield></datafield><datafield ind1="1" ind2="3" tag="246"><subfield code="a">Trimont progress &amp; Ceylon herald</subfield></datafield><datafield ind1=" " ind2=" " tag="260"><subfield code="a">Trimont, Minn. :</subfield><subfield code="b">Robert Francis,</subfield><subfield code="c">1975-1980.</subfield></datafield><datafield ind1=" " ind2=" " tag="300"><subfield code="a">6 v.</subfield></datafield><datafield ind1=" " ind2=" " tag="310"><subfield code="a">Weekly</subfield></datafield><datafield ind1="0" ind2=" " tag="362"><subfield code="a">Vol. 75, no. 37 (Feb. 20, 1975)-v. 80, no. 39 (Feb. 28, 1980).</subfield></datafield><datafield ind1=" " ind2=" " tag="530"><subfield code="a">Available on microfilm from the Minnesota Historical Society.</subfield></datafield><datafield ind1=" " ind2="0" tag="651"><subfield code="a">Trimont (Minn.)</subfield><subfield code="v">Newspapers.</subfield></datafield><datafield ind1=" " ind2="7" tag="655"><subfield code="a">Newspapers.</subfield><subfield code="2">fast</subfield><subfield code="0">(OCoLC)fst01423814</subfield></datafield><datafield ind1=" " ind2="7" tag="651"><subfield code="a">Minnesota</subfield><subfield code="z">Trimont.</subfield><subfield code="2">fast</subfield><subfield code="0">(OCoLC)fst01255439</subfield></datafield><datafield ind1=" " ind2=" " tag="752"><subfield code="a">United States</subfield><subfield code="b">Minnesota</subfield><subfield code="c">Martin</subfield><subfield code="d">Trimont.</subfield></datafield><datafield ind1="0" ind2="0" tag="780"><subfield code="t">Trimont progress &amp; Ceylon herald</subfield><subfield code="w">(DLC)sn 89064575</subfield></datafield><datafield ind1="0" ind2="7" tag="785"><subfield code="t">Sherburn advance-standard and the Welcome times</subfield><subfield code="w">(DLC)sn 89064590</subfield></datafield><datafield ind1="0" ind2="7" tag="785"><subfield code="t">West Martin weekly news</subfield><subfield code="x">1056-8999</subfield><subfield code="w">(DLC)sn 89064577</subfield></datafield></record>